%YAML 1.1
%TAG !u! tag:unity3d.com,2011:
--- !u!1 &1702858854782236334
GameObject:
  m_ObjectHideFlags: 0
  m_CorrespondingSourceObject: {fileID: 0}
  m_PrefabInstance: {fileID: 0}
  m_PrefabAsset: {fileID: 0}
  serializedVersion: 6
  m_Component:
  - component: {fileID: 2083501656277527572}
  - component: {fileID: 3118124966362686385}
  - component: {fileID: 910071731484612475}
  - component: {fileID: 3905494958489111433}
  - component: {fileID: 7145339949239337830}
  - component: {fileID: 3430526298982311367}
  m_Layer: 0
  m_Name: beret
  m_TagString: Untagged
  m_Icon: {fileID: 0}
  m_NavMeshLayer: 0
  m_StaticEditorFlags: 0
  m_IsActive: 1
--- !u!4 &2083501656277527572
Transform:
  m_ObjectHideFlags: 0
  m_CorrespondingSourceObject: {fileID: 0}
  m_PrefabInstance: {fileID: 0}
  m_PrefabAsset: {fileID: 0}
  m_GameObject: {fileID: 1702858854782236334}
  m_LocalRotation: {x: 0, y: -0, z: -0, w: 1}
  m_LocalPosition: {x: -0.29237184, y: 0.0100001125, z: 14.996406}
  m_LocalScale: {x: 1, y: 1, z: 1}
  m_ConstrainProportionsScale: 0
  m_Children: []
  m_Father: {fileID: 0}
  m_RootOrder: 0
  m_LocalEulerAnglesHint: {x: 0, y: 0, z: 0}
--- !u!33 &3118124966362686385
MeshFilter:
  m_ObjectHideFlags: 0
  m_CorrespondingSourceObject: {fileID: 0}
  m_PrefabInstance: {fileID: 0}
  m_PrefabAsset: {fileID: 0}
  m_GameObject: {fileID: 1702858854782236334}
  m_Mesh: {fileID: -1127907628108838540, guid: a5203a1339dec7148abd9e87aab99e01, type: 3}
--- !u!23 &910071731484612475
MeshRenderer:
  m_ObjectHideFlags: 0
  m_CorrespondingSourceObject: {fileID: 0}
  m_PrefabInstance: {fileID: 0}
  m_PrefabAsset: {fileID: 0}
  m_GameObject: {fileID: 1702858854782236334}
  m_Enabled: 1
  m_CastShadows: 1
  m_ReceiveShadows: 1
  m_DynamicOccludee: 1
  m_StaticShadowCaster: 0
  m_MotionVectors: 1
  m_LightProbeUsage: 1
  m_ReflectionProbeUsage: 1
  m_RayTracingMode: 2
  m_RayTraceProcedural: 0
  m_RenderingLayerMask: 1
  m_RendererPriority: 0
  m_Materials:
  - {fileID: 2100000, guid: 8a8c6ac2ff4a25d44bf6332821613dc5, type: 2}
  m_StaticBatchInfo:
    firstSubMesh: 0
    subMeshCount: 0
  m_StaticBatchRoot: {fileID: 0}
  m_ProbeAnchor: {fileID: 0}
  m_LightProbeVolumeOverride: {fileID: 0}
  m_ScaleInLightmap: 1
  m_ReceiveGI: 1
  m_PreserveUVs: 0
  m_IgnoreNormalsForChartDetection: 0
  m_ImportantGI: 0
  m_StitchLightmapSeams: 1
  m_SelectedEditorRenderState: 3
  m_MinimumChartSize: 4
  m_AutoUVMaxDistance: 0.5
  m_AutoUVMaxAngle: 89
  m_LightmapParameters: {fileID: 0}
  m_SortingLayerID: 0
  m_SortingLayer: 0
  m_SortingOrder: 0
  m_AdditionalVertexStreams: {fileID: 0}
--- !u!114 &3905494958489111433
MonoBehaviour:
  m_ObjectHideFlags: 0
  m_CorrespondingSourceObject: {fileID: 0}
  m_PrefabInstance: {fileID: 0}
  m_PrefabAsset: {fileID: 0}
  m_GameObject: {fileID: 1702858854782236334}
  m_Enabled: 1
  m_EditorHideFlags: 0
  m_Script: {fileID: 11500000, guid: 822bc9090447b9c40833509c4a32e597, type: 3}
  m_Name: 
  m_EditorClassIdentifier: 
  ignoreMe: 0
  body: {fileID: 0}
  hightlightMaterial: {fileID: 0}
  isGrabbable: 1
  CopySettings: {fileID: 0}
  singleHandOnly: 0
  allowHeldSwapping: 1
  instantGrab: 0
  ignoreWeight: 0
  maintainGrabOffset: 0
  parentOnGrab: 1
  throwPower: 1
  jointBreakForce: 3500
  showAdvancedSettings: 0
  handType: 0
  grabType: 0
  useGentleGrab: 0
  makeChildrenGrabbable: 1
  pullApartBreakOnly: 1
  customGrabJoint: {fileID: 0}
  ignoreReleaseTime: 0.5
  grabPriorityWeight: 1
  heldPositionOffset: {x: 0, y: 0, z: 0}
  heldRotationOffset: {x: 0, y: 0, z: 0}
  jointedBodies: []
  heldIgnoreColliders: []
  showEvents: 1
  onGrab:
    m_PersistentCalls:
      m_Calls: []
  onRelease:
    m_PersistentCalls:
      m_Calls: []
  showAdvancedEvents: 0
  onSqueeze:
    m_PersistentCalls:
      m_Calls: []
  onUnsqueeze:
    m_PersistentCalls:
      m_Calls: []
  onHighlight:
    m_PersistentCalls:
      m_Calls: []
  onUnhighlight:
    m_PersistentCalls:
      m_Calls: []
  OnJointBreak:
    m_PersistentCalls:
      m_Calls: []
  lockHandOnGrab: 0
--- !u!54 &7145339949239337830
Rigidbody:
  m_ObjectHideFlags: 0
  m_CorrespondingSourceObject: {fileID: 0}
  m_PrefabInstance: {fileID: 0}
  m_PrefabAsset: {fileID: 0}
  m_GameObject: {fileID: 1702858854782236334}
  serializedVersion: 2
  m_Mass: 1
  m_Drag: 0
  m_AngularDrag: 0.05
  m_UseGravity: 1
  m_IsKinematic: 0
  m_Interpolate: 0
  m_Constraints: 0
  m_CollisionDetection: 0
--- !u!64 &3430526298982311367
MeshCollider:
  m_ObjectHideFlags: 0
  m_CorrespondingSourceObject: {fileID: 0}
  m_PrefabInstance: {fileID: 0}
  m_PrefabAsset: {fileID: 0}
  m_GameObject: {fileID: 1702858854782236334}
  m_Material: {fileID: 0}
  m_IsTrigger: 0
  m_Enabled: 1
  serializedVersion: 4
  m_Convex: 1
  m_CookingOptions: 30
  m_Mesh: {fileID: -1127907628108838540, guid: a5203a1339dec7148abd9e87aab99e01, type: 3}
