%YAML 1.1
%TAG !u! tag:unity3d.com,2011:
--- !u!1 &678489096420185083
GameObject:
  m_ObjectHideFlags: 0
  m_CorrespondingSourceObject: {fileID: 0}
  m_PrefabInstance: {fileID: 0}
  m_PrefabAsset: {fileID: 0}
  serializedVersion: 6
  m_Component:
  - component: {fileID: 153591404514871617}
  - component: {fileID: 3859146196264584932}
  - component: {fileID: 1327020706536780334}
  - component: {fileID: 3835221209629273573}
  - component: {fileID: 4075418510283101787}
  - component: {fileID: -3321139079256156224}
  - component: {fileID: 379596890496521436}
  m_Layer: 10
  m_Name: livre_rouge
  m_TagString: Untagged
  m_Icon: {fileID: 0}
  m_NavMeshLayer: 0
  m_StaticEditorFlags: 0
  m_IsActive: 1
--- !u!4 &153591404514871617
Transform:
  m_ObjectHideFlags: 0
  m_CorrespondingSourceObject: {fileID: 0}
  m_PrefabInstance: {fileID: 0}
  m_PrefabAsset: {fileID: 0}
  m_GameObject: {fileID: 678489096420185083}
  m_LocalRotation: {x: 0, y: -0, z: -0, w: 1}
  m_LocalPosition: {x: -4.854012, y: 0.105, z: -0.4220053}
  m_LocalScale: {x: 1, y: 1, z: 1}
  m_ConstrainProportionsScale: 0
  m_Children: []
  m_Father: {fileID: 0}
  m_RootOrder: 0
  m_LocalEulerAnglesHint: {x: 0, y: 0, z: 0}
--- !u!33 &3859146196264584932
MeshFilter:
  m_ObjectHideFlags: 0
  m_CorrespondingSourceObject: {fileID: 0}
  m_PrefabInstance: {fileID: 0}
  m_PrefabAsset: {fileID: 0}
  m_GameObject: {fileID: 678489096420185083}
  m_Mesh: {fileID: -5124801265953261196, guid: c9016f2964abfe64191979a706c79b0e, type: 3}
--- !u!23 &1327020706536780334
MeshRenderer:
  m_ObjectHideFlags: 0
  m_CorrespondingSourceObject: {fileID: 0}
  m_PrefabInstance: {fileID: 0}
  m_PrefabAsset: {fileID: 0}
  m_GameObject: {fileID: 678489096420185083}
  m_Enabled: 1
  m_CastShadows: 2
  m_ReceiveShadows: 1
  m_DynamicOccludee: 1
  m_StaticShadowCaster: 0
  m_MotionVectors: 1
  m_LightProbeUsage: 1
  m_ReflectionProbeUsage: 1
  m_RayTracingMode: 2
  m_RayTraceProcedural: 0
  m_RenderingLayerMask: 1
  m_RendererPriority: 0
  m_Materials:
  - {fileID: 2100000, guid: 8a8c6ac2ff4a25d44bf6332821613dc5, type: 2}
  m_StaticBatchInfo:
    firstSubMesh: 0
    subMeshCount: 0
  m_StaticBatchRoot: {fileID: 0}
  m_ProbeAnchor: {fileID: 0}
  m_LightProbeVolumeOverride: {fileID: 0}
  m_ScaleInLightmap: 1
  m_ReceiveGI: 1
  m_PreserveUVs: 0
  m_IgnoreNormalsForChartDetection: 0
  m_ImportantGI: 0
  m_StitchLightmapSeams: 1
  m_SelectedEditorRenderState: 3
  m_MinimumChartSize: 4
  m_AutoUVMaxDistance: 0.5
  m_AutoUVMaxAngle: 89
  m_LightmapParameters: {fileID: 0}
  m_SortingLayerID: 0
  m_SortingLayer: 0
  m_SortingOrder: 0
  m_AdditionalVertexStreams: {fileID: 0}
--- !u!65 &3835221209629273573
BoxCollider:
  m_ObjectHideFlags: 0
  m_CorrespondingSourceObject: {fileID: 0}
  m_PrefabInstance: {fileID: 0}
  m_PrefabAsset: {fileID: 0}
  m_GameObject: {fileID: 678489096420185083}
  m_Material: {fileID: 0}
  m_IsTrigger: 0
  m_Enabled: 1
  serializedVersion: 2
  m_Size: {x: 0.15473837, y: 0.21, z: 0.03}
  m_Center: {x: -0.0023691915, y: 0, z: -0.015}
--- !u!114 &4075418510283101787
MonoBehaviour:
  m_ObjectHideFlags: 0
  m_CorrespondingSourceObject: {fileID: 0}
  m_PrefabInstance: {fileID: 0}
  m_PrefabAsset: {fileID: 0}
  m_GameObject: {fileID: 678489096420185083}
  m_Enabled: 0
  m_EditorHideFlags: 0
  m_Script: {fileID: 11500000, guid: 02d61468f8b77ae4b92c344bc9a600fb, type: 3}
  m_Name: 
  m_EditorClassIdentifier: 
  m_allowOffhandGrab: 1
  m_snapPosition: 0
  m_snapOrientation: 0
  m_snapOffset: {fileID: 0}
  m_grabPoints: []
--- !u!54 &-3321139079256156224
Rigidbody:
  m_ObjectHideFlags: 0
  m_CorrespondingSourceObject: {fileID: 0}
  m_PrefabInstance: {fileID: 0}
  m_PrefabAsset: {fileID: 0}
  m_GameObject: {fileID: 678489096420185083}
  serializedVersion: 2
  m_Mass: 1
  m_Drag: 0
  m_AngularDrag: 0.05
  m_UseGravity: 1
  m_IsKinematic: 0
  m_Interpolate: 0
  m_Constraints: 0
  m_CollisionDetection: 0
--- !u!114 &379596890496521436
MonoBehaviour:
  m_ObjectHideFlags: 0
  m_CorrespondingSourceObject: {fileID: 0}
  m_PrefabInstance: {fileID: 0}
  m_PrefabAsset: {fileID: 0}
  m_GameObject: {fileID: 678489096420185083}
  m_Enabled: 1
  m_EditorHideFlags: 0
  m_Script: {fileID: 11500000, guid: 822bc9090447b9c40833509c4a32e597, type: 3}
  m_Name: 
  m_EditorClassIdentifier: 
  ignoreMe: 0
  body: {fileID: 0}
  hightlightMaterial: {fileID: 0}
  isGrabbable: 1
  CopySettings: {fileID: 0}
  singleHandOnly: 0
  allowHeldSwapping: 1
  instantGrab: 0
  ignoreWeight: 0
  maintainGrabOffset: 0
  parentOnGrab: 1
  throwPower: 1
  jointBreakForce: 3500
  showAdvancedSettings: 0
  handType: 0
  grabType: 0
  useGentleGrab: 0
  makeChildrenGrabbable: 1
  pullApartBreakOnly: 1
  customGrabJoint: {fileID: 0}
  ignoreReleaseTime: 0.5
  grabPriorityWeight: 1
  heldPositionOffset: {x: 0, y: 0, z: 0}
  heldRotationOffset: {x: 0, y: 0, z: 0}
  jointedBodies: []
  heldIgnoreColliders: []
  showEvents: 1
  onGrab:
    m_PersistentCalls:
      m_Calls: []
  onRelease:
    m_PersistentCalls:
      m_Calls: []
  showAdvancedEvents: 0
  onSqueeze:
    m_PersistentCalls:
      m_Calls: []
  onUnsqueeze:
    m_PersistentCalls:
      m_Calls: []
  onHighlight:
    m_PersistentCalls:
      m_Calls: []
  onUnhighlight:
    m_PersistentCalls:
      m_Calls: []
  OnJointBreak:
    m_PersistentCalls:
      m_Calls: []
  lockHandOnGrab: 0
