%YAML 1.1
%TAG !u! tag:unity3d.com,2011:
--- !u!1 &4272154609755827439
GameObject:
  m_ObjectHideFlags: 0
  m_CorrespondingSourceObject: {fileID: 0}
  m_PrefabInstance: {fileID: 0}
  m_PrefabAsset: {fileID: 0}
  serializedVersion: 6
  m_Component:
  - component: {fileID: 1055928510770044543}
  - component: {fileID: 2807721645485472656}
  m_Layer: 0
  m_Name: Collider2
  m_TagString: Untagged
  m_Icon: {fileID: 0}
  m_NavMeshLayer: 0
  m_StaticEditorFlags: 2147483647
  m_IsActive: 1
--- !u!4 &1055928510770044543
Transform:
  m_ObjectHideFlags: 0
  m_CorrespondingSourceObject: {fileID: 0}
  m_PrefabInstance: {fileID: 0}
  m_PrefabAsset: {fileID: 0}
  m_GameObject: {fileID: 4272154609755827439}
  m_LocalRotation: {x: -0, y: -0.41013658, z: -0, w: 0.9120241}
  m_LocalPosition: {x: 0.19999972, y: 0.448, z: -0.0040005147}
  m_LocalScale: {x: 1, y: 1, z: 1}
  m_ConstrainProportionsScale: 0
  m_Children: []
  m_Father: {fileID: 2936314358401026579}
  m_RootOrder: 1
  m_LocalEulerAnglesHint: {x: 0, y: -48.427, z: 0}
--- !u!65 &2807721645485472656
BoxCollider:
  m_ObjectHideFlags: 0
  m_CorrespondingSourceObject: {fileID: 0}
  m_PrefabInstance: {fileID: 0}
  m_PrefabAsset: {fileID: 0}
  m_GameObject: {fileID: 4272154609755827439}
  m_Material: {fileID: 0}
  m_IsTrigger: 0
  m_Enabled: 1
  serializedVersion: 2
  m_Size: {x: 0.35, y: 0.89, z: 0.86720794}
  m_Center: {x: -4.1309386e-10, y: 0, z: 0.0063660876}
--- !u!1 &6777833746129603193
GameObject:
  m_ObjectHideFlags: 0
  m_CorrespondingSourceObject: {fileID: 0}
  m_PrefabInstance: {fileID: 0}
  m_PrefabAsset: {fileID: 0}
  serializedVersion: 6
  m_Component:
  - component: {fileID: 3378749983715200962}
  - component: {fileID: 6305226525377053845}
  m_Layer: 0
  m_Name: Collider3
  m_TagString: Untagged
  m_Icon: {fileID: 0}
  m_NavMeshLayer: 0
  m_StaticEditorFlags: 2147483647
  m_IsActive: 1
--- !u!4 &3378749983715200962
Transform:
  m_ObjectHideFlags: 0
  m_CorrespondingSourceObject: {fileID: 0}
  m_PrefabInstance: {fileID: 0}
  m_PrefabAsset: {fileID: 0}
  m_GameObject: {fileID: 6777833746129603193}
  m_LocalRotation: {x: -0, y: 0.38996747, z: -0, w: 0.92082864}
  m_LocalPosition: {x: -0.173, y: 0.448, z: 0.054}
  m_LocalScale: {x: 1, y: 1, z: 1}
  m_ConstrainProportionsScale: 0
  m_Children: []
  m_Father: {fileID: 2936314358401026579}
  m_RootOrder: 2
  m_LocalEulerAnglesHint: {x: 0, y: 45.905, z: 0}
--- !u!65 &6305226525377053845
BoxCollider:
  m_ObjectHideFlags: 0
  m_CorrespondingSourceObject: {fileID: 0}
  m_PrefabInstance: {fileID: 0}
  m_PrefabAsset: {fileID: 0}
  m_GameObject: {fileID: 6777833746129603193}
  m_Material: {fileID: 0}
  m_IsTrigger: 0
  m_Enabled: 1
  serializedVersion: 2
  m_Size: {x: 0.30938476, y: 0.89, z: 0.86127335}
  m_Center: {x: 0.020307532, y: 0, z: -0.046659853}
--- !u!1 &6976776419802095285
GameObject:
  m_ObjectHideFlags: 0
  m_CorrespondingSourceObject: {fileID: 0}
  m_PrefabInstance: {fileID: 0}
  m_PrefabAsset: {fileID: 0}
  serializedVersion: 6
  m_Component:
  - component: {fileID: 1441522556395936662}
  - component: {fileID: 6267192010245894193}
  m_Layer: 0
  m_Name: Collider
  m_TagString: Untagged
  m_Icon: {fileID: 0}
  m_NavMeshLayer: 0
  m_StaticEditorFlags: 2147483647
  m_IsActive: 1
--- !u!4 &1441522556395936662
Transform:
  m_ObjectHideFlags: 0
  m_CorrespondingSourceObject: {fileID: 0}
  m_PrefabInstance: {fileID: 0}
  m_PrefabAsset: {fileID: 0}
  m_GameObject: {fileID: 6976776419802095285}
  m_LocalRotation: {x: 0, y: 0, z: 0, w: 1}
  m_LocalPosition: {x: -0, y: 0.448, z: -0.217}
  m_LocalScale: {x: 1, y: 1, z: 1}
  m_ConstrainProportionsScale: 0
  m_Children: []
  m_Father: {fileID: 2936314358401026579}
  m_RootOrder: 0
  m_LocalEulerAnglesHint: {x: 0, y: 0, z: 0}
--- !u!65 &6267192010245894193
BoxCollider:
  m_ObjectHideFlags: 0
  m_CorrespondingSourceObject: {fileID: 0}
  m_PrefabInstance: {fileID: 0}
  m_PrefabAsset: {fileID: 0}
  m_GameObject: {fileID: 6976776419802095285}
  m_Material: {fileID: 0}
  m_IsTrigger: 0
  m_Enabled: 1
  serializedVersion: 2
  m_Size: {x: 1, y: 0.89, z: 0.3}
  m_Center: {x: 0, y: 0, z: 0}
--- !u!1001 &3401725318621441528
PrefabInstance:
  m_ObjectHideFlags: 0
  serializedVersion: 2
  m_Modification:
    m_TransformParent: {fileID: 0}
    m_Modifications:
    - target: {fileID: -8679921383154817045, guid: 5e8337dca517730469665080b17767a1,
        type: 3}
      propertyPath: m_RootOrder
      value: 0
      objectReference: {fileID: 0}
    - target: {fileID: -8679921383154817045, guid: 5e8337dca517730469665080b17767a1,
        type: 3}
      propertyPath: m_LocalPosition.x
      value: 5.6219997
      objectReference: {fileID: 0}
    - target: {fileID: -8679921383154817045, guid: 5e8337dca517730469665080b17767a1,
        type: 3}
      propertyPath: m_LocalPosition.y
      value: 0
      objectReference: {fileID: 0}
    - target: {fileID: -8679921383154817045, guid: 5e8337dca517730469665080b17767a1,
        type: 3}
      propertyPath: m_LocalPosition.z
      value: -4.5930004
      objectReference: {fileID: 0}
    - target: {fileID: -8679921383154817045, guid: 5e8337dca517730469665080b17767a1,
        type: 3}
      propertyPath: m_LocalRotation.w
      value: 0.36890176
      objectReference: {fileID: 0}
    - target: {fileID: -8679921383154817045, guid: 5e8337dca517730469665080b17767a1,
        type: 3}
      propertyPath: m_LocalRotation.x
      value: -0
      objectReference: {fileID: 0}
    - target: {fileID: -8679921383154817045, guid: 5e8337dca517730469665080b17767a1,
        type: 3}
      propertyPath: m_LocalRotation.y
      value: 0.92946845
      objectReference: {fileID: 0}
    - target: {fileID: -8679921383154817045, guid: 5e8337dca517730469665080b17767a1,
        type: 3}
      propertyPath: m_LocalRotation.z
      value: -0
      objectReference: {fileID: 0}
    - target: {fileID: -8679921383154817045, guid: 5e8337dca517730469665080b17767a1,
        type: 3}
      propertyPath: m_LocalEulerAnglesHint.x
      value: 0
      objectReference: {fileID: 0}
    - target: {fileID: -8679921383154817045, guid: 5e8337dca517730469665080b17767a1,
        type: 3}
      propertyPath: m_LocalEulerAnglesHint.y
      value: 136.704
      objectReference: {fileID: 0}
    - target: {fileID: -8679921383154817045, guid: 5e8337dca517730469665080b17767a1,
        type: 3}
      propertyPath: m_LocalEulerAnglesHint.z
      value: 0
      objectReference: {fileID: 0}
    - target: {fileID: -7511558181221131132, guid: 5e8337dca517730469665080b17767a1,
        type: 3}
      propertyPath: m_CastShadows
      value: 2
      objectReference: {fileID: 0}
    - target: {fileID: -7511558181221131132, guid: 5e8337dca517730469665080b17767a1,
        type: 3}
      propertyPath: m_Materials.Array.data[0]
      value: 
      objectReference: {fileID: 2100000, guid: 8a8c6ac2ff4a25d44bf6332821613dc5, type: 2}
    - target: {fileID: 919132149155446097, guid: 5e8337dca517730469665080b17767a1,
        type: 3}
      propertyPath: m_Name
      value: meuble_tv Variant
      objectReference: {fileID: 0}
    - target: {fileID: 919132149155446097, guid: 5e8337dca517730469665080b17767a1,
        type: 3}
      propertyPath: m_StaticEditorFlags
      value: 2147483647
      objectReference: {fileID: 0}
    m_RemovedComponents: []
  m_SourcePrefab: {fileID: 100100000, guid: 5e8337dca517730469665080b17767a1, type: 3}
--- !u!4 &2936314358401026579 stripped
Transform:
  m_CorrespondingSourceObject: {fileID: -8679921383154817045, guid: 5e8337dca517730469665080b17767a1,
    type: 3}
  m_PrefabInstance: {fileID: 3401725318621441528}
  m_PrefabAsset: {fileID: 0}
