%YAML 1.1
%TAG !u! tag:unity3d.com,2011:
--- !u!1 &7244450583879739354
GameObject:
  m_ObjectHideFlags: 0
  m_CorrespondingSourceObject: {fileID: 0}
  m_PrefabInstance: {fileID: 0}
  m_PrefabAsset: {fileID: 0}
  serializedVersion: 6
  m_Component:
  - component: {fileID: 7040352449393524861}
  m_Layer: 0
  m_Name: tas_livres
  m_TagString: Untagged
  m_Icon: {fileID: 0}
  m_NavMeshLayer: 0
  m_StaticEditorFlags: 0
  m_IsActive: 1
--- !u!4 &7040352449393524861
Transform:
  m_ObjectHideFlags: 0
  m_CorrespondingSourceObject: {fileID: 0}
  m_PrefabInstance: {fileID: 0}
  m_PrefabAsset: {fileID: 0}
  m_GameObject: {fileID: 7244450583879739354}
  m_LocalRotation: {x: 0, y: 0, z: 0, w: 1}
  m_LocalPosition: {x: 0, y: 0, z: 0}
  m_LocalScale: {x: 1, y: 1, z: 1}
  m_ConstrainProportionsScale: 0
  m_Children:
  - {fileID: 6483643862704801396}
  - {fileID: 5946512792694766414}
  - {fileID: 2105697455059604679}
  m_Father: {fileID: 0}
  m_RootOrder: 0
  m_LocalEulerAnglesHint: {x: 0, y: 0, z: 0}
--- !u!1001 &4864036705736940444
PrefabInstance:
  m_ObjectHideFlags: 0
  serializedVersion: 2
  m_Modification:
    m_TransformParent: {fileID: 7040352449393524861}
    m_Modifications:
    - target: {fileID: 1226886192822902994, guid: 7d0618eb6a24e17499944f2c1810947f,
        type: 3}
      propertyPath: m_RootOrder
      value: 1
      objectReference: {fileID: 0}
    - target: {fileID: 1226886192822902994, guid: 7d0618eb6a24e17499944f2c1810947f,
        type: 3}
      propertyPath: m_LocalPosition.x
      value: 8.338406
      objectReference: {fileID: 0}
    - target: {fileID: 1226886192822902994, guid: 7d0618eb6a24e17499944f2c1810947f,
        type: 3}
      propertyPath: m_LocalPosition.y
      value: 0.8036
      objectReference: {fileID: 0}
    - target: {fileID: 1226886192822902994, guid: 7d0618eb6a24e17499944f2c1810947f,
        type: 3}
      propertyPath: m_LocalPosition.z
      value: -8.502995
      objectReference: {fileID: 0}
    - target: {fileID: 1226886192822902994, guid: 7d0618eb6a24e17499944f2c1810947f,
        type: 3}
      propertyPath: m_LocalRotation.w
      value: -0.08491429
      objectReference: {fileID: 0}
    - target: {fileID: 1226886192822902994, guid: 7d0618eb6a24e17499944f2c1810947f,
        type: 3}
      propertyPath: m_LocalRotation.x
      value: -0.08491429
      objectReference: {fileID: 0}
    - target: {fileID: 1226886192822902994, guid: 7d0618eb6a24e17499944f2c1810947f,
        type: 3}
      propertyPath: m_LocalRotation.y
      value: -0.70198977
      objectReference: {fileID: 0}
    - target: {fileID: 1226886192822902994, guid: 7d0618eb6a24e17499944f2c1810947f,
        type: 3}
      propertyPath: m_LocalRotation.z
      value: 0.70198977
      objectReference: {fileID: 0}
    - target: {fileID: 1226886192822902994, guid: 7d0618eb6a24e17499944f2c1810947f,
        type: 3}
      propertyPath: m_LocalEulerAnglesHint.x
      value: 90
      objectReference: {fileID: 0}
    - target: {fileID: 1226886192822902994, guid: 7d0618eb6a24e17499944f2c1810947f,
        type: 3}
      propertyPath: m_LocalEulerAnglesHint.y
      value: 0
      objectReference: {fileID: 0}
    - target: {fileID: 1226886192822902994, guid: 7d0618eb6a24e17499944f2c1810947f,
        type: 3}
      propertyPath: m_LocalEulerAnglesHint.z
      value: 193.794
      objectReference: {fileID: 0}
    - target: {fileID: 1895196106937743976, guid: 7d0618eb6a24e17499944f2c1810947f,
        type: 3}
      propertyPath: m_Name
      value: livre_marron
      objectReference: {fileID: 0}
    m_RemovedComponents: []
  m_SourcePrefab: {fileID: 100100000, guid: 7d0618eb6a24e17499944f2c1810947f, type: 3}
--- !u!4 &5946512792694766414 stripped
Transform:
  m_CorrespondingSourceObject: {fileID: 1226886192822902994, guid: 7d0618eb6a24e17499944f2c1810947f,
    type: 3}
  m_PrefabInstance: {fileID: 4864036705736940444}
  m_PrefabAsset: {fileID: 0}
--- !u!1001 &6618933745762225973
PrefabInstance:
  m_ObjectHideFlags: 0
  serializedVersion: 2
  m_Modification:
    m_TransformParent: {fileID: 7040352449393524861}
    m_Modifications:
    - target: {fileID: 153591404514871617, guid: d912de7f3e228154a8efbf6339660cc0,
        type: 3}
      propertyPath: m_RootOrder
      value: 0
      objectReference: {fileID: 0}
    - target: {fileID: 153591404514871617, guid: d912de7f3e228154a8efbf6339660cc0,
        type: 3}
      propertyPath: m_LocalPosition.x
      value: 8.337133
      objectReference: {fileID: 0}
    - target: {fileID: 153591404514871617, guid: d912de7f3e228154a8efbf6339660cc0,
        type: 3}
      propertyPath: m_LocalPosition.y
      value: 0.7434
      objectReference: {fileID: 0}
    - target: {fileID: 153591404514871617, guid: d912de7f3e228154a8efbf6339660cc0,
        type: 3}
      propertyPath: m_LocalPosition.z
      value: -8.4945
      objectReference: {fileID: 0}
    - target: {fileID: 153591404514871617, guid: d912de7f3e228154a8efbf6339660cc0,
        type: 3}
      propertyPath: m_LocalRotation.w
      value: 0.7071068
      objectReference: {fileID: 0}
    - target: {fileID: 153591404514871617, guid: d912de7f3e228154a8efbf6339660cc0,
        type: 3}
      propertyPath: m_LocalRotation.x
      value: 0.7071068
      objectReference: {fileID: 0}
    - target: {fileID: 153591404514871617, guid: d912de7f3e228154a8efbf6339660cc0,
        type: 3}
      propertyPath: m_LocalRotation.y
      value: -0
      objectReference: {fileID: 0}
    - target: {fileID: 153591404514871617, guid: d912de7f3e228154a8efbf6339660cc0,
        type: 3}
      propertyPath: m_LocalRotation.z
      value: -0
      objectReference: {fileID: 0}
    - target: {fileID: 153591404514871617, guid: d912de7f3e228154a8efbf6339660cc0,
        type: 3}
      propertyPath: m_LocalEulerAnglesHint.x
      value: 90
      objectReference: {fileID: 0}
    - target: {fileID: 153591404514871617, guid: d912de7f3e228154a8efbf6339660cc0,
        type: 3}
      propertyPath: m_LocalEulerAnglesHint.y
      value: 0
      objectReference: {fileID: 0}
    - target: {fileID: 153591404514871617, guid: d912de7f3e228154a8efbf6339660cc0,
        type: 3}
      propertyPath: m_LocalEulerAnglesHint.z
      value: 0
      objectReference: {fileID: 0}
    - target: {fileID: 678489096420185083, guid: d912de7f3e228154a8efbf6339660cc0,
        type: 3}
      propertyPath: m_Name
      value: livre_rouge
      objectReference: {fileID: 0}
    m_RemovedComponents: []
  m_SourcePrefab: {fileID: 100100000, guid: d912de7f3e228154a8efbf6339660cc0, type: 3}
--- !u!4 &6483643862704801396 stripped
Transform:
  m_CorrespondingSourceObject: {fileID: 153591404514871617, guid: d912de7f3e228154a8efbf6339660cc0,
    type: 3}
  m_PrefabInstance: {fileID: 6618933745762225973}
  m_PrefabAsset: {fileID: 0}
--- !u!1001 &8203793255753755369
PrefabInstance:
  m_ObjectHideFlags: 0
  serializedVersion: 2
  m_Modification:
    m_TransformParent: {fileID: 7040352449393524861}
    m_Modifications:
    - target: {fileID: 7469952812735489172, guid: ef791e6da19d93d4d83347c99e081daa,
        type: 3}
      propertyPath: m_Name
      value: livre_bleu
      objectReference: {fileID: 0}
    - target: {fileID: 7845633586995084846, guid: ef791e6da19d93d4d83347c99e081daa,
        type: 3}
      propertyPath: m_RootOrder
      value: 2
      objectReference: {fileID: 0}
    - target: {fileID: 7845633586995084846, guid: ef791e6da19d93d4d83347c99e081daa,
        type: 3}
      propertyPath: m_LocalPosition.x
      value: 8.346792
      objectReference: {fileID: 0}
    - target: {fileID: 7845633586995084846, guid: ef791e6da19d93d4d83347c99e081daa,
        type: 3}
      propertyPath: m_LocalPosition.y
      value: 0.7739
      objectReference: {fileID: 0}
    - target: {fileID: 7845633586995084846, guid: ef791e6da19d93d4d83347c99e081daa,
        type: 3}
      propertyPath: m_LocalPosition.z
      value: -8.494709
      objectReference: {fileID: 0}
    - target: {fileID: 7845633586995084846, guid: ef791e6da19d93d4d83347c99e081daa,
        type: 3}
      propertyPath: m_LocalRotation.w
      value: 0.7065108
      objectReference: {fileID: 0}
    - target: {fileID: 7845633586995084846, guid: ef791e6da19d93d4d83347c99e081daa,
        type: 3}
      propertyPath: m_LocalRotation.x
      value: 0.7065108
      objectReference: {fileID: 0}
    - target: {fileID: 7845633586995084846, guid: ef791e6da19d93d4d83347c99e081daa,
        type: 3}
      propertyPath: m_LocalRotation.y
      value: -0.029027374
      objectReference: {fileID: 0}
    - target: {fileID: 7845633586995084846, guid: ef791e6da19d93d4d83347c99e081daa,
        type: 3}
      propertyPath: m_LocalRotation.z
      value: 0.029027374
      objectReference: {fileID: 0}
    - target: {fileID: 7845633586995084846, guid: ef791e6da19d93d4d83347c99e081daa,
        type: 3}
      propertyPath: m_LocalEulerAnglesHint.x
      value: 90
      objectReference: {fileID: 0}
    - target: {fileID: 7845633586995084846, guid: ef791e6da19d93d4d83347c99e081daa,
        type: 3}
      propertyPath: m_LocalEulerAnglesHint.y
      value: 0
      objectReference: {fileID: 0}
    - target: {fileID: 7845633586995084846, guid: ef791e6da19d93d4d83347c99e081daa,
        type: 3}
      propertyPath: m_LocalEulerAnglesHint.z
      value: 4.705
      objectReference: {fileID: 0}
    m_RemovedComponents: []
  m_SourcePrefab: {fileID: 100100000, guid: ef791e6da19d93d4d83347c99e081daa, type: 3}
--- !u!4 &2105697455059604679 stripped
Transform:
  m_CorrespondingSourceObject: {fileID: 7845633586995084846, guid: ef791e6da19d93d4d83347c99e081daa,
    type: 3}
  m_PrefabInstance: {fileID: 8203793255753755369}
  m_PrefabAsset: {fileID: 0}
